%% Created using Papers on Sun, 05 Apr 2015.
%% http://papersapp.com/papers/

@article{Sun:2010us,
author = {Sun, Bo and Osborne, Lawrence and Yang, T Andrew},
title = {{WSNED: a suite of data collection and dissemination applications for Wireless Sensor Network EDucation}},
journal = {Journal of Computing Sciences in Colleges},
year = {2010},
volume = {25},
number = {4},
month = apr
}

@article{Ocean:2008bt,
title = {{Wireless and physical security via embedded sensor networks}},
year = {2008},
pages = {131--139}
}

@article{Yang:2008wq,
author = {Yang, T Andrew and Jain, Deepesh and Sun, Bo},
title = {{Development of emulation-based projects for teaching wireless sensor networks}},
journal = {Journal of Computing Sciences in Colleges},
year = {2008},
volume = {24},
number = {2},
month = dec
}

@book{Cole:2011ue,
author = {Cole, Eric},
title = {{Network Security Bible}},
publisher = {John Wiley {\&} Sons},
year = {2011},
month = mar
}

@article{DonghyunChoi:ez,
author = {Donghyun Choi and Hakman Kim and Dongho Won and Seungjoo Kim},
title = {{Advanced Key-Management Architecture for Secure SCADA Communications}},
journal = {IEEE Transactions on Power Delivery},
volume = {24},
number = {3},
pages = {1154--1163}
}

@inproceedings{Du:2010je,
author = {Du, Jiang and Chao, ShiWei},
title = {{A study of information security for M2M of IOT}},
booktitle = {2010 3rd International Conference on Advanced Computer Theory and Engineering (ICACTE 2010)},
year = {2010},
pages = {V3--576--V3--579},
publisher = {IEEE},
annote = {confidentiality attacks
	M2M
physical security
	deploy unattended}
}

@article{Rescorla:2000tv,
author = {Rescorla, E},
title = {{RFC2818: Http over tls}},
journal = {RFC Editor United States},
year = {2000}
}

@inproceedings{Ahmed:kx,
author = {Ahmed, Musse Mohamud},
title = {{New Supervisory Control and Data Acquisition (SCADA) based fault isolation system for low voltage distribution systems}},
booktitle = {2010 International Conference on Computer and Communication Engineering (ICCCE)},
pages = {1--6},
publisher = {IEEE},
annote = {low power is 220V in this context. not applicable}
}

@article{Akhavian:2012kk,
author = {Akhavian, Reza and Behzadan, Amir H},
title = {{An integrated data collection and analysis framework for remote monitoring and planning of construction operations}},
journal = {Advanced Engineering Informatics},
year = {2012},
volume = {26},
number = {4},
pages = {749--761},
month = oct
}

@inproceedings{Li:2007kv,
author = {Li, Yingjiu and Ding, Xuhua},
title = {{Protecting RFID communications in supply chains}},
booktitle = {ASIACCS '07: Proceedings of the 2nd ACM symposium on Information, computer and communications security},
year = {2007},
pages = {234},
publisher = {~ACM  Request Permissions},
address = {New York, New York, USA},
month = mar
}

@inproceedings{Ocean:2008ey,
author = {Ocean, Michael J and Bestavros, Azer},
title = {{Wireless and physical security via embedded sensor networks}},
booktitle = {the first ACM conference},
year = {2008},
pages = {131},
publisher = {ACM Press},
address = {New York, New York, USA}
}

@book{vanTilborg:2011vh,
author = {van Tilborg, Henk C A and Jajodia, Sushil},
title = {{Encyclopedia of Cryptography and Security}},
publisher = {Springer},
year = {2011},
month = sep
}

@book{Laykin:2013to,
author = {Laykin, Erik},
title = {{Investigative Computer Forensics}},
publisher = {John Wiley {\&} Sons},
year = {2013},
series = {The Practical Guide for Lawyers, Accountants, Investigators, and Business Executives},
month = apr,
annote = {Digital Evidence Storage and Transportation
- present in preview

get this eBook}
}

@article{Marceglia:2012bn,
author = {Marceglia, Sara and Bonacina, Stefano and Zaccaria, Vittorio and Pagliari, Claudia and Pinciroli, Francesco},
title = {{How might the iPad change healthcare?}},
journal = {Journal of the Royal Society of Medicine},
year = {2012},
volume = {105},
number = {6},
pages = {233--241},
month = jun
}

@article{Anonymous:2011dk,
title = {{IEEE Recommended Practice for Electrical Installations on Shipboard -- Controls and Automation}},
journal = {IEEE Std 45.2-2011},
year = {2011},
pages = {1--91}
}

@article{Perkins:1988ue,
author = {Perkins, S R and Rhyne, T},
title = {{IEEE Xplore Full-Text PDF:}},
journal = {IEEE transactions on computer-aided {\ldots}},
year = {1988}
}

@book{Viega:2002wt,
author = {Viega, John and Messier, Matt and Chandra, Pravir},
title = {{Network Security with OpenSSL}},
publisher = {"O'Reilly Media, Inc."},
year = {2002},
series = {Cryptography for Secure Communications},
month = jun
}

@webpage{:azyLDDfq,
author = {199, FIPS Publication},
title = {{Standards for Security Categorization of Federal Information and Information Sy
}},
url = {http://externalsearch.nist.gov/search?q=199&btnG=GO&site=itl_csrc_collection&output=xml_no_dtd&client=default_frontend&sort=date%3AD%3AL%3Ad1&proxystylesheet=default_frontend&oe=UTF-8}
}

@webpage{Anonymous:XXuGf4l0,
title = {{url?sa=t{\&}rct=j{\&}q={\&}esrc=s{\&}source=web{\&}cd=9{\&}ved=0CGYQFjAI{\&}url=http%3A%2F%2Fwww.dtic.mil%2Fcgi-bin%2FGetTRDoc%3FAD%3DADA465060{\&}ei=CxNzUvHnHOzmsATB04GwBA{\&}usg=AFQjCNG_-W9ej0Rl86Airx2U8ZqxjNLk9g{\&}sig2=gEWVcMO333MAhI1NnxpMHw{\&}bvm=bv.55819444,d.cWc}},
url = {http://www.google.com/url?sa=t&rct=j&q=&esrc=s&source=web&cd=9&ved=0CGYQFjAI&url=http%3A%2F%2Fwww.dtic.mil%2Fcgi-bin%2FGetTRDoc%3FAD%3DADA465060&ei=CxNzUvHnHOzmsATB04GwBA&usg=AFQjCNG_-W9ej0Rl86Airx2U8ZqxjNLk9g&sig2=gEWVcMO333MAhI1NnxpMHw&bvm=bv.55819444,d.cWc}
}

@inproceedings{Limkar:bw,
author = {Limkar, Suresh V and Jha, Rakesh Kumar and Pimpalkar, Shilpa and Darade, Santosh},
title = {{Geo-Encryption - A New Direction to Secure Traditional SSL VPN}},
booktitle = {2011 Eighth International Conference on Information Technology: New Generations (ITNG)},
pages = {1070--1071},
publisher = {IEEE}
}

@proceedings{Demeyer:eq,
title = {{Research methods in computer science}},
publisher = {IEEE}
}

@webpage{Anonymous:bf9HHd8h,
title = {{Northbound interface - Wikipedia, the free encyclopedia}},
annote = {definition of northbound interface
- subsystem which hides compleixty},
url = {http://en.wikipedia.org/wiki/Northbound_interface}
}

@article{WenJuan:2009um,
author = {WenJuan, J and ManPeng, Q I and HongRu, ZHU},
title = {{WenJuan: M2M in security research [J] - Google Scholar}},
journal = {Telecommunications Technology},
year = {2009}
}

@article{dierks:wd,
author = {dierks, tim and Rescorla, Eric},
title = {{The Transport Layer Security (TLS) Protocol Version 1.3}},
journal = {tools.ietf.org}
}

@article{Smith:2001tn,
author = {Smith, F and Campos, F and Jeffay, K and Ott, D},
title = {{What TCP/IP protocol headers can tell us about the web}},
journal = {ACM SIGMETRICS Performance Evaluation Review},
year = {2001}
}

@article{Anonymous:2013gu,
title = {{Communications of the ACM: Volume 56 Issue 1}},
journal = {Communications of the ACM},
year = {2013},
month = jan
}

@inproceedings{Fernandez:br,
author = {Fernandez, Eduardo B and Larrondo-Petrie, Maria M},
title = {{Designing Secure SCADA Systems Using Security Patterns}},
booktitle = {2010 43rd Hawaii International Conference on System Sciences},
pages = {1--8},
publisher = {IEEE}
}

@book{Bishop:2003ug,
author = {Bishop, Matt},
title = {{Computer Security}},
publisher = {Addison-Wesley Professional},
year = {2003},
series = {Art and Science},
edition = {5}
}

@webpage{Anonymous:wd,
title = {{OpenSSL}},
url = {http://en.wikipedia.org/wiki/OpenSSL}
}

@inproceedings{Valentine:ex,
author = {Valentine, Sidney and Farkas, Csilla},
title = {{Software security: Application-level vulnerabilities in SCADA systems}},
booktitle = {Integration (IRI)},
pages = {498--499},
publisher = {IEEE},
annote = {irrelivant
all PLC attacks}
}

@article{VanGorp:2008hr,
author = {Van Gorp, P and Schippers, H and Demeyer, S and Janssens, D},
title = {{Transformation techniques can make students excited about formal methods}},
journal = {Information and Software Technology},
year = {2008},
volume = {50},
number = {12},
pages = {1295--1304},
month = nov
}

@incollection{Yang:2008jr,
author = {Yang, T Andrew and Kim, Dan J and Dhalwani, Vishal},
title = {{Social Networking as a New Trend in E-Marketing}},
year = {2008},
pages = {847--856},
publisher = {Springer US},
address = {Boston, MA}
}

@article{Anonymous:2013uq,
title = {{ACM SIGOPS Operating Systems Review Volume 47 Issue 2}},
journal = {dl.acm.org},
year = {2013},
volume = {47},
number = {2},
month = jul
}

@article{Zhang:2007us,
author = {Zhang, W and Bi, J and Wu, J and Qin, Z},
title = {{IEEE Xplore Download}},
journal = {{\ldots} and Intelligent Systems for Security {\ldots}},
year = {2007}
}

@article{Waher:2014ww,
author = {Waher, Peter},
title = {{Internet of Things - Sensor Data}},
journal = {xmpp.org},
year = {2014},
month = mar
}

@article{Fielding:uk,
author = {Fielding, Roy and Reschke, Julian},
title = {{Hypertext Transfer Protocol (HTTP/1.1): Semantics and Content}},
journal = {tools.ietf.org}
}

@article{Thompson:1984ww,
author = {Thompson, Ken},
title = {{Reflections on trusting trust}},
journal = {Communications of the ACM},
year = {1984},
volume = {27},
number = {8}
}

@book{Shema:2012ww,
author = {Shema, Mike},
title = {{Hacking Web Apps}},
publisher = {Newnes},
year = {2012},
series = {Detecting and Preventing Web Application Security Problems},
month = oct
}

@article{Science:2007vg,
author = {Science, S Keshav David R Cheriton School of Computer and {University of Waterloo}},
title = {{howToReadResearchPapers}},
journal = {ACM SIGCOMM Computer Communication Review},
year = {2007},
volume = {37},
number = {3},
pages = {83--84},
month = may
}

@article{Chen:2008gu,
author = {Chen, Rui and Sharman, Raj and Rao, H Raghav and Upadhyaya, Shambhu J},
title = {{Coordination in emergency response management}},
journal = {Communications of the ACM},
year = {2008},
volume = {51},
number = {5},
pages = {66--73},
month = may
}

@article{Yang:wa,
author = {Yang, T A and Davari, S},
title = {{Development of Wireless Stations for Distributed Field Operations}},
journal = {ISSO}
}

@inproceedings{Pham:2006tn,
author = {Pham, Minh-Long and Kim, Daeyoung and Kim, Taehong and Yoo, Seong-eun},
title = {{Maximize the coverage lifetime of sensor networks}},
booktitle = {EUC'06: Proceedings of the 2006 international conference on Emerging Directions in Embedded and Ubiquitous Computing},
year = {2006},
publisher = {~Springer-Verlag},
month = aug
}

@inproceedings{Lim:2010jb,
author = {Lim, Hyo-Sang and Moon, Yang-Sae and Bertino, Elisa},
title = {{Provenance-based trustworthiness assessment in sensor networks}},
booktitle = {the Seventh International Workshop},
year = {2010},
pages = {2},
publisher = {ACM Press},
address = {New York, New York, USA}
}

@article{Yang:2009tt,
title = {{Network Security Test Beds}},
year = {2009},
pages = {1--11},
month = apr
}

@webpage{Anonymous:28Cb64dw,
title = {{RS-232 - Wikipedia, the free encyclopedia}},
url = {http://en.wikipedia.org/wiki/RS-232}
}

@inproceedings{VinhIchNguyen:je,
author = {Vinh Ich Nguyen and Watit Benjapolakul and Krisada Visavateeranon},
title = {{A high-speed, low-cost and secure implementation based on embedded ethernet and internet for SCADA systems}},
booktitle = {SICE Annual Conference 2007},
pages = {1692--1699},
publisher = {IEEE},
annote = {they don't have any security outside of user/pass and IP isolation}
}

@article{Derrick:2007we,
author = {Derrick, E and Tibbs, Richard and Reynolds, Larry},
title = {{Investigating new approaches to data collection, management and analysis for network intrusion detection}},
journal = {ACM-SE 45: Proceedings of the 45th annual southeast regional conference},
year = {2007},
month = mar
}

@book{Anonymous:bDw03IfJ,
publisher = {IGI Global}
}

@article{Turner:MiRyW-r_,
author = {Turner, Sean and Chen, Lily},
title = {{Updated Security Considerations for the MD5 Message-Digest and the HMAC-MD5 Algorithms}},
journal = {tools.ietf.org}
}

@article{Lemieux:2009ts,
author = {Lemieux, Nathan and Lutfiyya, Hanan},
title = {{WHLocator: hybrid indoor positioning system}},
journal = {ICPS '09: Proceedings of the 2009 international conference on Pervasive services},
year = {2009},
month = jul
}

@article{Bray:1aMFfDtC,
author = {Bray, T},
title = {{The JavaScript Object Notation (JSON) Data Interchange Format}},
year = {2014}
}

@article{Enns:2011tn,
author = {Enns, R and Bjorklund, M and Schoenwaelder, J and Bierman, A},
title = {{RFC 6241, Network Configuration Protocol (NETCONF)}},
year = {2011}
}

@webpage{Anonymous:wNv3y2W_,
title = {{Vagrant Documentation}},
url = {http://docs.vagrantup.com}
}

@article{Yee:2012wa,
author = {Yee, G},
title = {{The State and Scientific Basis of Cyber Security Metrics}},
journal = {DRDC Ottawa},
year = {2012}
}

@webpage{Anonymous:XaG5CLGJ,
title = {{VMware-Cisco-Virtualizing-Unified-Communications-Solution-Brief.pdf}},
url = {http://www.vmware.com/files/pdf/partners/cisco/VMware-Cisco-Virtualizing-Unified-Communications-Solution-Brief.pdf}
}

@article{Hamed:2005tr,
author = {Hamed, H and Al-Shaer, E and Marrero, W},
title = {{IEEE Xplore - Modeling and verification of IPSec and VPN security policies}},
journal = {Network Protocols},
year = {2005}
}

@article{Harn:2011kp,
author = {Harn, Lein and Lee, Chia-Yin and Lin, Changlu and Chang, Chin-Chen},
title = {{Fully Deniable Message Authentication Protocols Preserving Confidentiality}},
journal = {The Computer Journal},
year = {2011},
volume = {54},
number = {10},
pages = {1688--1699},
month = oct,
annote = {this is the inverse of the authentication properties that we are looking for
give a good detail of the signing process. 
??I think there may be an error here??}
}

@article{Yang:2006ui,
title = {{NETWORK SECURITY DEVELOPMENT PROCESS}},
year = {2006},
pages = {1--6},
month = jan,
annote = {my professor
not sure of year
example of the graph he would like to see
}
}

@webpage{Anonymous:vfe50WF9,
title = {{RS-485 - Wikipedia, the free encyclopedia}},
url = {http://en.wikipedia.org/wiki/RS-485}
}

@article{Parthasarathy:2012tc,
author = {Parthasarathy, Rashmi and Shirazi, Behrooz and Peterson, Nina and Song, Wen-Zhan and Hurson, Ali},
title = {{Management and security of remote sensor networks in hazardous environments using over the air programming}},
journal = {Information Systems and e-Business Management},
year = {2012},
volume = {10},
number = {4}
}

@article{Diffie:1976dc,
author = {Diffie, W and Hellman, M},
title = {{New directions in cryptography}},
journal = {IEEE Transactions on Information Theory},
year = {1976},
volume = {22},
number = {6},
pages = {644--654},
month = nov
}

@article{Goldwasser:2008jm,
author = {Goldwasser, Shafi and Kalai, Yael Tauman and Rothblum, Guy N},
title = {{One-Time Programs.}},
journal = {CRYPTO},
year = {2008},
volume = {5157},
number = {Chapter 3},
pages = {39--56}
}

@inproceedings{Tran:2006uv,
author = {Tran, Sam Phu Manh and Yang, T Andrew},
title = {{OCO: Optimized Communication {\&} Organization for Target Tracking in Wireless Sensor Networks}},
booktitle = {SUTC '06: Proceedings of the IEEE International Conference on Sensor Networks, Ubiquitous, and Trustworthy Computing -Vol 1 (SUTC'06},
year = {2006},
publisher = {~IEEE Computer Society},
month = jun
}

@article{Likhar:2012fz,
author = {Likhar, Praveen and Yadav, Ravi Shankar and M, Keshava Rao},
title = {{Securing IEEE 802.11G WLAN Using OpenVPN and Its Impact Analysis}},
journal = {arXiv.org},
year = {2012},
eprint = {1201.0428v1},
eprinttype = {arxiv},
eprintclass = {cs.CR},
number = {6},
pages = {97--113},
month = jan
}

@article{Zahur:2003wn,
author = {Zahur, Y and Doctor, M and Davari, S and Yang, T A},
title = {{802.11 b performance evaluation}},
journal = {The Proceedings of the 2nd {\ldots}},
year = {2003}
}

@inproceedings{Hong:ga,
author = {Hong, Sugwon and Lee, Myongho},
title = {{Challenges and Direction toward Secure Communication in the SCADA System}},
booktitle = {2010 8th Annual Communication Networks and Services Research Conference},
pages = {381--386},
publisher = {IEEE},
annote = {low latency. we do not require it
section III key management - they propose two methods
- symmetric key (two pass) inecryotion with a session key and
- kerberos type third party key server (potential availability problem?)
section IV A and B applies only authentication and integrity using HMAC
TODO: investigate sync code in HMAC (IV B)
section V devolves into SMT babble
conclusion is meh.}
}

@webpage{Anonymous:6Y2DGJCG,
title = {{Desktop virtualization - Wikipedia, the free encyclopedia}},
url = {http://en.wikipedia.org/wiki/Desktop_virtualization#Virtual_desktop_infrastructure}
}

@article{gov:2007to,
author = {gov, Wesley M Eddy weddy grc nasa},
title = {{TCP SYN Flooding Attacks and Common Mitigations}},
year = {2007},
annote = {SYN Cookies}
}

@inproceedings{Zhu:er,
author = {Zhu, Bonnie and Joseph, Anthony and Sastry, Shankar},
title = {{A Taxonomy of Cyber Attacks on SCADA Systems}},
booktitle = {4th IEEE Int'l Conference on Cyber, Physical and Social Computing (CPSCom)},
pages = {380--388},
publisher = {IEEE}
}

@webpage{Bates:wk,
author = {Bates, Ryan},
title = {{{\#}292 Virtual Machines with Vagrant - RailsCasts}},
url = {http://railscasts.com/episodes/292-virtual-machines-with-vagrant}
}

@article{Kate:2010jz,
author = {Kate, Aniket and Zaverucha, Greg M and Goldberg, Ian},
title = {{Pairing-Based Onion Routing with Improved Forward Secrecy}},
journal = {Transactions on Information and System Security (TISSEC},
year = {2010},
volume = {13},
number = {4},
pages = {1--32},
month = dec,
annote = {possibly a method for use in a store and forward implementation
does not solve the store and forward problem directly
}
}

@article{Thompson:2007ww,
author = {Thompson, Ken},
title = {{Reflections on trusting trust}},
journal = {Turing award lectures},
year = {2007}
}

@webpage{belt:2010ur,
author = {belt, bill},
title = {{Welcome to "The e-Discovery 4-1-1"}},
year = {2010},
month = mar,
url = {http://marketing.leclairryan.com/files/Uploads/Documents/e-Discovery%204-1-1%20August%202010.pdf}
}

@inproceedings{Tran:2006dt,
author = {Tran, S P M and Yang, T A},
title = {{OCO: Optimized Communication {\&} Organization for Target Tracking in Wireless Sensor Networks}},
booktitle = {Sensor Networks, Ubiquitous, and Trustworthy Computing, 2006. IEEE International Conference on},
year = {2006},
pages = {428--435},
publisher = {IEEE}
}

@article{Yang:2004wl,
author = {Yang, T Andrew and Yue, Kwok-Bun and Liaw, Morris and Collins, George and Venkatraman, Jayaraman T and Achar, Swati and Sadasivam, Karthik and Chen, Ping},
title = {{Design of a distributed computer security lab}},
journal = {Journal of Computing Sciences in Colleges},
year = {2004},
volume = {20},
number = {1},
month = oct
}

@webpage{Ramsdell:2004vn,
author = {Ramsdell, B},
title = {{Secure/Multipurpose Internet Mail Extensions (S/MIME) Version 3.1 Message Specification}},
year = {2004},
month = nov,
annote = {Digital signatures provide authentication, message integrity, and non-repudiation with proof of origin.
Encryption provides data confidentiality. },
url = {http://www.ietf.org/rfc/rfc3851.txt}
}

@webpage{Anonymous:aUppFw6r,
title = {{MySQL :: Developer Zone}},
url = {http://www.mysql.org}
}

@article{Wang:2011ct,
author = {Wang, Yongge},
title = {{sSCADA: securing SCADA infrastructure communications}},
journal = {International Journal of Communication Networks and Distributed Systems},
year = {2011},
volume = {6},
number = {1},
pages = {59--78}
}

@article{Sun:2009up,
author = {Sun, Bo and Yan, Guanhua and Xiao, Yang and Yang, T Andrew},
title = {{Self-propagating mal-packets in wireless sensor networks: Dynamics and defense implications}},
journal = {Ad Hoc Networks},
year = {2009},
volume = {7},
number = {8},
month = nov
}

@inproceedings{Kang:hm,
author = {Kang, Dong-Joo and Kim, Hak-Man},
title = {{A Proposal for Key Policy of Symmetric Encryption Application to Cyber Security of KEPCO SCADA Network}},
booktitle = {Future Generation Communication and Networking (FGCN 2007)},
pages = {609--613},
publisher = {IEEE}
}

@webpage{Anonymous:04zFMqCr,
title = {{RS-422 - Wikipedia, the free encyclopedia}},
url = {http://en.wikipedia.org/wiki/RS-422}
}

@webpage{Anonymous:_HJMBPq3,
title = {{Raspberry Pi | An ARM GNU/Linux box for $25. Take a byte!}},
url = {http://www.raspberrypi.org}
}

@article{Mogul:1997uc,
author = {Mogul, Jeffrey and Douglis, Fred and Feldmann, Anja and Krishnamurthy, Balachander},
title = {{Potential benefits of delta encoding and data compression for HTTP}},
journal = {SIGCOMM '97: Proceedings of the ACM SIGCOMM '97 conference on Applications, technologies, architectures, and protocols for computer communication},
year = {1997},
month = oct
}

@inproceedings{Goldschlag:1996fj,
author = {Goldschlag, David M},
title = {{Several secure store and forward devices}},
booktitle = {the 3rd ACM conference},
year = {1996},
pages = {129--137},
publisher = {ACM Press},
address = {New York, New York, USA}
}

@inproceedings{NingCai:2008hz,
author = {Ning Cai and Jidong Wang and Xinghuo Yu},
title = {{SCADA system security: Complexity, history and new developments}},
booktitle = {2008 6th IEEE International Conference on Industrial Informatics (INDIN)},
year = {2008},
pages = {569--574},
publisher = {IEEE}
}

@webpage{Kelly:uy,
author = {Kelly, Heather},
title = {{Five unsettling hacks from DefCon and Black Hat - CNN.com}},
url = {http://www.cnn.com/2013/08/05/tech/mobile/five-hacks/index.html}
}

@webpage{Anonymous:ko4JQlUG,
title = {{World Energy Statistics | World Energy Consumption {\&} Stats | Enerdata}},
url = {http://yearbook.enerdata.net}
}

@article{Khe:2008ff,
author = {Kh{\'e}, Sriram},
title = {{The Box: How the Shipping Container Made the World Smaller and the World Economy Bigger -- Marc Levinson. Princeton, NJ: Princeton University Press, 2006. xi and 376 pp., notes, bibliography, and index. $24.95 cloth (ISBN-13: 978-0-691-1224-0; ISBN-10: 0-691-12324-1)}},
journal = {Professional Geographer},
year = {2008},
volume = {60},
number = {2},
pages = {289--291},
month = jan
}

@article{Yang:2004wla,
author = {Yang, T A and Yue, K B and Liaw, M and Collins, G},
title = {{Design of a distributed computer security lab}},
journal = {Journal of Computing {\ldots}},
year = {2004}
}

@webpage{Moore:we,
author = {{Moore}},
title = {{RFC 3205 - On the use of HTTP as a Substrate (RFC3205)}},
url = {http://www.faqs.org/rfcs/rfc3205.html}
}

@webpage{Anonymous:zgMDnVpL,
title = {{BeagleBoard.org - community supported open hardware computers for making}},
url = {http://beagleboard.org}
}

@article{Thibault:2006wd,
author = {Thibault, M and Brooks, M R and Button, K J},
title = {{The response of the US maritime industry to the new container security initiatives}},
journal = {Transportation Journal},
year = {2006}
}

@inproceedings{Jaatun:2008wb,
author = {Jaatun, Martin Gilje and Gr{\o}tan, Tor Olav and Line, Maria B},
title = {{Secure Safety: Secure Remote Access to Critical Safety Systems in Offshore Installations}},
booktitle = {ATC '08: Proceedings of the 5th international conference on Autonomic and Trusted Computing},
year = {2008},
publisher = {~Springer-Verlag},
month = jun
}

@article{Fenton:2011kq,
author = {Fenton, Elizabeth S and Rabeh, Diana and Shapiro, Jonathan M},
title = {{Avoiding an Electronic Discovery Disaster with Litigation Holds.}},
journal = {Business Torts Journal},
year = {2011},
volume = {18},
number = {3},
pages = {9--12},
month = mar,
annote = {Accession Number: 61465360; Fenton, Elizabeth S. 1 Rabeh, Diana 2 Shapiro, Jonathan M. 3; Affiliation: 1: Partner, Reed Smith, LLP, Wilmington, Delaware 2: Associate Reed Smith, LLP, in Wilmington, Delaware 3: Partner, Shapiro Law Offices, LLC, Middletown, Connecticut; Source Info: Summer2011, Vol. 18 Issue 3, p9; Subject Term: ACTIONS {\&} defenses (Law); Subject Term: ELECTRONIC discovery (Law); Subject Term: COMPUTER files; Subject Term: CIVIL procedure; Subject Term: UNITED States; Company/Entity: UBS Warburg LLC; NAICS/Industry Codes: 922110 Courts; Number of Pages: 4p; Document Type: Article; Full Text Word Count: 2910}
}

@book{bernard2012foundations,
author = {Bernard, P},
title = {{Foundations of ITIL}},
publisher = {van Haren Publishing},
year = {2012},
series = {Best Practice}
}

@article{Seifert:2008tc,
author = {Seifert, Ryan and Yang, T Andrew},
title = {{Integrated file-level cryptographical access control}},
journal = {Journal of Computing Sciences in Colleges},
year = {2008},
volume = {23},
number = {4},
month = apr
}

@inproceedings{Daryabar:bn,
author = {Daryabar, Farid and Dehghantanha, Ali and Udzir, Nur Izura and Nor Fazlida binti Mohd Sani and bin Shamsuddin, Solahuddin},
title = {{Towards secure model for SCADA systems}},
booktitle = {2012 International Conference on Cyber Security, Cyber Warfare and Digital Forensic (CyberSec)},
pages = {60--64},
publisher = {IEEE}
}

@inproceedings{ZafirovicVukotic:dj,
author = {Zafirovic-Vukotic, Mira and Moore, Roger and Leslie, Michael and Midence, Rene and Pozzuoli, Marzio},
title = {{Secure SCADA network supporting NERC CIP}},
booktitle = {Energy Society General Meeting (PES)},
pages = {1--8},
publisher = {IEEE}
}

@webpage{Anonymous:MzdNrpXU,
title = {{XenApp - Understanding How Session Virtualization Works - Citrix}},
annote = {session virtualization},
url = {http://www.citrix.com/products/xenapp/how-it-works/application-virtualization.html}
}

@webpage{Perrin:2008wt,
author = {Perrin, Chad},
title = {{The CIA Triad - TechRepublic}},
year = {2008},
month = jun,
url = {http://www.techrepublic.com/blog/it-security/the-cia-triad/488/}
}

@article{Anonymous:PwMFuxsh,
title = {{sbrusch_thesis_final}},
year = {2008},
pages = {1--122},
month = apr
}

@webpage{Anonymous:-0k18RAi,
title = {{memcached - a distributed memory object caching system}},
url = {http://memcached.org}
}

@book{Christ:2011vn,
author = {Christ, Robert D and Robert L Wernli, Sr},
title = {{The ROV Manual}},
publisher = {Butterworth-Heinemann},
year = {2011},
series = {A User Guide for Observation Class Remotely Operated Vehicles},
month = apr
}

@article{Waher:2014wwa,
author = {Waher, Peter},
title = {{Internet of Things - Sensor Data}},
year = {2014},
month = mar
}

@article{Sun:2008tk,
author = {Sun, Bo and Xiao, Yang and Li, Chung Chih and Chen, Hsiao-Hwa and Yang, T Andrew},
title = {{Security co-existence of wireless sensor networks and RFID for pervasive computing}},
journal = {Computer Communications},
year = {2008},
volume = {31},
number = {18},
month = dec
}

@webpage{Anonymous:TAISo75U,
title = {{Request completed}},
url = {http://libproxy.uhcl.edu/login?url=http://search.proquest.com/docview/1417203025?accountid=7108}
}

@inproceedings{Liu:is,
author = {Liu, Wu and Ren, Ping and Zhang, Yong and Duan, Hai-xin},
title = {{SSL-DP: A Rootkit of Network Based SSL and TLS Traffic Decryptor}},
booktitle = {2010 Second Cybercrime and Trustworthy Computing Workshop (CTC)},
pages = {29--33},
publisher = {IEEE}
}

@article{Yang:2008wk,
author = {Yang, T Andrew and Gudibandi, Dinesh Reddy},
title = {{Teaching wireless sensor networks by incorporating reorganization algorithms into the labs}},
journal = {Journal of Computing Sciences in Colleges},
year = {2008},
volume = {23},
number = {4},
pages = {80--88},
month = apr
}

@article{Stoneburner:9Un4yJay,
author = {Stoneburner, Gary and Hayden, Clark and Feringa, Alexis},
title = {{Engineering Principles for Information Technology Security (A Baseline for Achieving Security), Revision A}},
pages = {33}
}

@article{Lee:2013kb,
author = {Lee, Jong-Hyouk and Ernst, Thierry},
title = {{IPv6 Security Issues in Cooperative Intelligent Transportation Systems}},
journal = {The Computer Journal},
year = {2013},
volume = {56},
number = {10},
pages = {1189--1197},
month = oct
}

@incollection{Zhang:2007hc,
author = {Zhang, Wenmao and Bi, Jun and Zhang, Miao and Qin, Zheng},
title = {{A Trustworthy Email System Based on Instant Messaging}},
booktitle = {Business Information Systems},
year = {2007},
pages = {598--609},
publisher = {Springer Berlin Heidelberg},
address = {Berlin, Heidelberg}
}

@article{Schwartz:2000uc,
author = {Schwartz, John},
title = {{E-Signatures Become Valid For Business}},
journal = {The New York Times},
year = {2000},
month = oct
}

@inproceedings{Hagen:id,
author = {Hagen, John T and Mullins, Barry E},
title = {{TCP veto: A novel network attack and its Application to SCADA protocols}},
booktitle = {2013 IEEE PES Innovative Smart Grid Technologies (ISGT)},
pages = {1--6},
publisher = {IEEE},
annote = {tangent
TCP modifications for use against network attck
I am focusing on SSL}
}

@article{Zahur:2003ty,
author = {Zahur, Y and Doctor, M and Davari, S and Yang, T A},
title = {{802.11b Performance Evaluation}},
year = {2003}
}

@book{Deichmann:2013uv,
author = {Deichmann, Uwe and Zhang, Fan},
title = {{Growing Green}},
publisher = {World Bank Publications},
year = {2013},
series = {The Economic Benefits of Climate Action},
month = apr
}

@inproceedings{Blackstock:gl,
author = {Blackstock, Michael and Kaviani, Nima and Lea, Rodger and Friday, Adrian},
title = {{MAGIC Broker 2: An open and extensible platform for the Internet of Things}},
booktitle = {2010 Internet of Things (IOT)},
pages = {1--8},
publisher = {IEEE}
}

@webpage{Kissel:2013vu,
author = {Kissel, R},
title = {{Glossary of Key Information Security Terms}},
year = {2013},
month = may,
url = {http://nvlpubs.nist.gov/nistpubs/ir/2013/NIST.IR.7298r2.pdf}
}

@inproceedings{Klein:cf,
author = {Klein, S A},
title = {{An open source SCADA toolkit}},
booktitle = {2006 IEEE Power Engineering Society General Meeting},
pages = {2 pp.},
publisher = {IEEE}
}

@article{Palsberg:1997ts,
author = {Palsberg, J and Jay, C Barry},
title = {{The Essence of the Visitor Pattern}},
year = {1997},
pages = {1--13}
}

@patent{English:2009wv,
title = {{Mobile wireless mesh technology for shipping container security}},
author = {English, K L and Zuver, C K},
howpublished = {US Patent Office},
year = {2009}
}

@article{Casas:2013wl,
author = {Casas, P and Seufert, M and Egger, S and Schatz, R},
title = {{Quality of experience in remote virtual desktop services}},
journal = {Integrated Network Management (IM 2013), 2013 IFIP/IEEE International Symposium on},
year = {2013},
pages = {1352--1357}
}

@webpage{Anonymous:-ePfifAK,
title = {{JavaScript | MDN}},
url = {https://developer.mozilla.org/en-US/docs/Web/JavaScript}
}

@article{Arnold:2011vo,
author = {Arnold, Thomas and Yang, T Andrew},
title = {{Rootkit attacks and protection: a case study of teaching network security}},
journal = {Journal of Computing Sciences in Colleges},
year = {2011},
volume = {26},
number = {5},
month = may
}

@article{Adida:2008uj,
author = {Adida, B},
title = {{Sessionlock: securing web sessions against eavesdropping}},
journal = {portal.acm.org},
year = {2008}
}

@webpage{Anonymous:oTYy8zBJ,
title = {{NIST Computer Security Publications - Home}},
url = {http://csrc.nist.gov/publications/}
}

@article{Yang:2008un,
author = {Yang, T A and Kim, D J and Dhalwani, V},
title = {{Social networking as a new trend in e-marketing}},
journal = {{\ldots} Issues of Enterprise Information Systems II},
year = {2008}
}

@webpage{Anonymous:nfUZD79r,
title = {{Mozilla {\textemdash} Home of the Mozilla Project {\textemdash} mozilla.org}},
url = {http://www.mozilla.org}
}

@inproceedings{Coppolino:he,
author = {Coppolino, Luigi and D'Antonio, Salvatore and Formicola, Valerio and Oliviero, Francesco and Romano, Luigi},
title = {{On the security of the terminal operations for container shipping in multimodal transport: The SIS-TEMA project}},
booktitle = {2011 6th International Conference on Risks and Security of Internet and Systems (CRiSIS)},
pages = {1--6},
publisher = {IEEE},
annote = {Containers security vs processing time}
}

@article{Schneier:1999fu,
author = {Schneier, Bruce and Kelsey, John},
title = {{Secure audit logs to support computer forensics}},
journal = {Transactions on Information and System Security (TISSEC},
year = {1999},
volume = {2},
number = {2},
month = may
}

@webpage{Anonymous:to,
title = {{Image - Listing - Seadrill}},
url = {http://www.seadrill.com/Image_detail.asp?iEntityId=428}
}

@inproceedings{Turull:2012he,
author = {Turull, D and Hidell, M and Sjodin, P},
title = {{libNetVirt: The network virtualization library}},
booktitle = {Communications (ICC), 2012 IEEE International Conference on},
year = {2012},
pages = {5543--5547},
publisher = {IEEE}
}

@article{Tran:2006vg,
author = {Tran, SPM and Yang, T A},
title = {{Evaluations of target tracking in wireless sensor networks}},
journal = {ACM SIGCSE Bulletin},
year = {2006}
}

@article{2013EnST...4711369S,
author = {Snyder, Emily G and Watkins, Timothy H and Solomon, Paul A and Thoma, Eben D and Williams, Ronald W and Hagler, Gayle S W and Shelow, David and Hindin, David A and Kilaru, Vasu J and Preuss, Peter W},
title = {{The Changing Paradigm of Air Pollution Monitoring}},
journal = {Environmental Science {\&} Technology},
year = {2013},
volume = {47},
pages = {11369--11377},
month = oct
}

@misc{Anonymous:u9_cg5E6
}

@article{Zahur:2004vz,
author = {Zahur, Yasir and Yang, T Andrew},
title = {{Wireless LAN security and laboratory designs}},
journal = {Journal of Computing Sciences in Colleges},
year = {2004},
volume = {19},
number = {3},
pages = {44--60},
month = jan
}

@inproceedings{Hui:2008jr,
author = {Hui, Jonathan W and Culler, David E},
title = {{IP is dead, long live IP for wireless sensor networks}},
booktitle = {the 6th ACM conference},
year = {2008},
pages = {15},
publisher = {ACM Press},
address = {New York, New York, USA}
}

@article{Yang:2008wh,
author = {Yang, T A and Kim, D J and Dhalwani, V},
title = {{The 8C framework as a reference model for collaborative value Webs in the context of Web 2.0}},
journal = {{\ldots} Conference on System {\ldots}},
year = {2008}
}

@booklet{NationalMarineEletronicsAssociationNMEA:1998vo,
title = {{NMEA 0183 Standard for Interfacing Marine Electronics Devices}},
author = {{National Marine Eletronics Association, NMEA.}},
year = {1998}
}

@article{Polk:2011up,
author = {Polk, T and Turner, S},
title = {{Security challenges for the internet of things}},
journal = {Interconnecting Smart Objects with the Internet {\ldots}},
year = {2011}
}

@incollection{Ludovici:2009dt,
author = {Ludovici, Alessandro and Calveras, Anna and Catalan, Marisa and G{\'o}mez, Carles and Paradells, Josep},
title = {{Implementation and Evaluation of the Enhanced Header Compression (IPHC) for 6LoWPAN}},
year = {2009},
pages = {168--177},
publisher = {Springer Berlin Heidelberg},
address = {Berlin, Heidelberg},
annote = {(c) 2009: Springer Berlin Heidelberg}
}

@article{Wang:2009wo,
author = {Wang, Yu and Cao, Lijuan and Dahlberg, Teresa and Li, Fan and Shi, Xinghua},
title = {{Self-organizing fault-tolerant topology control in large-scale three-dimensional wireless networks}},
journal = {Transactions on Autonomous and Adaptive Systems (TAAS},
year = {2009},
volume = {4},
number = {3},
month = jul
}

@article{Zage:2013by,
author = {Zage, Wayne},
title = {{The security and software engineering research center (S2ERC)}},
journal = {ACM SIGSOFT Software Engineering Notes},
year = {2013},
volume = {38},
number = {2},
pages = {6--7},
month = mar
}

@proceedings{Alarcon:2012bb,
title = {{Proceedings of the Third International Workshop on RESTful Design}},
year = {2012},
publisher = {~ACM},
month = apr
}

@book{Maral:2004vy,
author = {Maral, Gerard},
title = {{VSAT Networks}},
publisher = {John Wiley {\&} Sons},
year = {2004},
month = apr
}

@article{chudzinski:LehlyYXH,
title = {{Review of SIS-TEMA Project}}
}

@book{Oppliger:2014wm,
author = {Oppliger, Rolf},
title = {{SSL and TLS}},
publisher = {Artech House},
year = {2014},
series = {Theory and Practice},
month = may
}

@incollection{Yang:ip,
author = {Yang, T Andrew and Kim, Dan J},
title = {{A Comparative Analysis of Online Social Networking Sites and Their Business Models}},
pages = {662--672},
publisher = {IGI Global}
}

@inproceedings{Gudymenko:2011ux,
author = {Gudymenko, I and Hutter, M},
title = {{Security in the Internet of Things}},
booktitle = {Proceedings of Intensive {\ldots}},
year = {2011}
}

@inproceedings{Fielding:2000dd,
author = {Fielding, R T and Taylor, R N},
title = {{Principled design of the modern Web architecture}},
booktitle = {Software Engineering, 2000. Proceedings of the 2000 International Conference on},
year = {2000},
pages = {407--416},
publisher = {ACM},
annote = {p.409: allows the sender to remain simple and scalable while minimizing the bytes transferred, but loses the advantages of information hiding and requires that both sender and recipient understand the same data types. -- Highlighted nov 1, 2013
This is the argument for the additional protocol on the substrate. The processing load on the remote needs to remain low but the 3rd option exposes the data. By adding security over the substrate, we can protect the data.}
}

@webpage{Anonymous:Raq8semW,
title = {{csi}},
url = {http://prtl.uhcl.edu/portal/page/portal/SCE/csi}
}

@article{Elgamal:1985iw,
author = {Elgamal, T},
title = {{A public key cryptosystem and a signature scheme based on discrete logarithms}},
journal = {IEEE Transactions on Information Theory},
year = {1985},
volume = {31},
number = {4},
pages = {469--472},
month = jul
}

@book{UnitedStates:2011wx,
author = {United States, Congress Senate Committee on Homeland Security and Governmental Affairs Subcommittee on Federal Financial Management Government Information Federal Services and International Security},
title = {{The Gulf of Mexico oil spill : ensuring a financially responsible recovery, part I and II : hearings before the Federal Financial Management, Government Information, Federal Services, and International Security Subcommittee of the Committee on Homeland Security and Governmental Affairs, United States Senate, of the One Hundred Eleventh Congress, second session, June 16 and July 22, 2010.}},
publisher = {U.S. G.P.O. : For sale by the Supt. of Docs., U.S. G.P.O.},
year = {2011},
address = {Washington}
}

@inproceedings{Goldwasser:1982dz,
author = {Goldwasser, Shafi and Micali, Silvio},
title = {{Probabilistic encryption {\&} how to play mental poker keeping secret all partial information}},
booktitle = {the fourteenth annual ACM symposium},
year = {1982},
pages = {365--377},
publisher = {ACM Press},
address = {New York, New York, USA}
}

@article{Goldwasser:tf,
author = {Goldwasser, Shafi and Kalai, Yael and Popa, Raluca Ada and Vaikuntanathan, Vinod and Zeldovich, Nickolai},
title = {{How to run Turing machines on encrypted data}}
}

@article{Goldwasser:2012tr,
author = {Goldwasser, Shafi and Rothblum, Guy N},
title = {{How to Compute in the Presence of Leakage.}},
journal = {Electronic Colloquium on Computational Complexity ()},
year = {2012},
pages = {10}
}

@article{Alsiherov:2010vi,
author = {Alsiherov, Farkhod and Kim, Taihoon},
title = {{Research trend on secure SCADA network technology and methods}},
journal = {WSEAS Transactions on Systems and Control},
year = {2010},
volume = {5},
number = {8},
month = aug
}

@webpage{Bates:va,
author = {Bates, Ryan},
title = {{Ruby on Rails Screencasts - RailsCasts}},
url = {http://railscasts.com}
}

@inproceedings{Pal:gn,
author = {Pal, Om and Saiwan, Sharda and Jain, Peeyush and Saquib, Zia and Patel, Dhiren},
title = {{Cryptographic Key Management for SCADA System: An Architectural Framework}},
booktitle = {Telecommunication Technologies (ACT)},
pages = {169--174},
publisher = {IEEE},
annote = {key management proposals

very good}
}

@inproceedings{Farris:cz,
author = {Farris, J J and Nicol, D M},
title = {{Evaluation of Secure Peer-to-Peer Overlay Routing for Survivable SCADA Systems}},
booktitle = {2004 Winter Simulation Conference, 2004.},
pages = {292--300},
publisher = {IEEE}
}

@techreport{Barker:2012jt,
author = {Barker, Elaine and Roginsky, Allen},
title = {{Recommendation for Cryptographic Key Generation}},
institution = {National Institute of Standards and Technology, Computer Security Division, Information Technology Laboratory, Gaithersburg, MD},
year = {2012},
address = {Gaithersburg, MD},
month = dec,
annote = {this can be part of the store and forward references as well}
}

@inproceedings{Lim:2011uu,
author = {Lim, Yong-hun},
title = {{IKMS {\textemdash} An ID-based key management architecture for SCADA system}},
booktitle = {Networked Computing (INC), 2011 The 7th International Conference on},
year = {2011},
pages = {139--144},
annote = {this is important}
}

@article{Chao:2009uw,
author = {Chao, S L and Lin, P S},
title = {{Critical factors affecting the adoption of container security service: The shippers{\textquoteright} perspective}},
journal = {International Journal of Production Economics},
year = {2009},
annote = {not available online via uhcl library
}
}

@article{dierks:qvFyvrGx,
author = {dierks, tim and Rescorla, E},
title = {{The Transport Layer Security (TLS) Protocol Version 1.2}},
journal = {toolsietforg}
}

@book{Lehner:2010wd,
author = {Lehner, Peter and Deans, Bob},
title = {{In Deep Water}},
publisher = {OR Books},
year = {2010},
series = {The Anatomy of a Disaster, the Fate of the Gulf, and How to End Our Oil Addiction},
month = oct
}

@article{Kim:2009tj,
author = {Kim, D J and Yue, K B and Hall, S P},
title = {{Global Diffusion of the Internet XV: Web 2.0 Technologies, Principles, and ...: EBSCOhost}},
journal = {Communications of the {\ldots}},
year = {2009}
}

@article{Yue:2004wf,
author = {Yue, Kwok-Bun and Yang, T Andrew and Ding, Wei and Chen, Ping},
title = {{Open courseware and computer science education}},
journal = {Journal of Computing Sciences in Colleges},
year = {2004},
volume = {20},
number = {1},
pages = {178--186},
month = oct
}

@article{Goldwasser:2013ir,
author = {Goldwasser, Shafi and Kalai, Yael Tauman and Popa, Raluca A and Vaikuntanathan, Vinod and Zeldovich, Nickolai},
title = {{How to Run Turing Machines on Encrypted Data.}},
journal = {CRYPTO},
year = {2013},
volume = {8043},
number = {Chapter 30},
pages = {536--553}
}

@inproceedings{Hong:bx,
author = {Hong, Sugwon and Phuong, Tran Nhat and Lee, Myongho},
title = {{Development of Smart Devices for Secure Communication in the SCADA System}},
booktitle = {2011 International Conference on Computational Science and Its Applications (ICCSA)},
pages = {176--180},
publisher = {IEEE}
}

@article{Yang:2008us,
author = {Yang, T A and Kim, D J and Dhalwani, V},
title = {{IEEE Xplore Download}},
journal = {{\ldots} Conference on System {\ldots}},
year = {2008}
}

@article{Sadasivam:2005uv,
author = {Sadasivam, Karthik and Samudrala, Banuprasad and Yang, T Andrew},
title = {{Design of network security projects using honeypots}},
journal = {Journal of Computing Sciences in Colleges},
year = {2005},
volume = {20},
number = {4},
month = apr
}

@article{Lerner:2009vj,
author = {Lerner, Reuven},
title = {{At the forge: fixtures and factories}},
journal = {Linux Journal},
year = {2009},
volume = {2009},
number = {184},
month = aug
}

@article{Zeng:2008vs,
author = {Zeng, Peng and Zang, Chuanzhi and Yu, Haibin},
title = {{Investigating upper bounds on lifetime for target tracking sensor networks}},
journal = {International Journal of Sensor Networks},
year = {2008},
volume = {4},
number = {3},
month = dec
}

@article{ValentinoDeVries:2013vd,
author = {Valentino-DeVries, Jennifer and Yadron, Danny},
title = {{U.S. News: FBI Taps Hacker Tactics to Spy on Suspects --- Law-Enforcement Officials Expand Use of Tools Such as Spyware as People Under Investigation 'Go Dark,' Evading Wiretaps}},
journal = {Wall Street Journal},
year = {2013}
}

@book{Levinson:2010wm,
author = {Levinson, Marc},
title = {{The Box}},
publisher = {Princeton University Press},
year = {2010},
series = {How the Shipping Container Made the World Smaller and the World Economy Bigger},
month = may
}

@booklet{OsierMixon:2011td,
title = {{Practical BeagleBoard}},
author = {Osier-Mixon, Jeff},
month = apr,
year = {2011}
}

@inproceedings{Cheng:fg,
author = {Cheng, Xiang and Meng, Fanxin and Feng, Guihong},
title = {{Remote data collection system for distribution network based on GPRS and VPN}},
booktitle = {2011 International Conference on Electrical and Control Engineering (ICECE)},
pages = {763--766},
publisher = {IEEE}
}

@article{McCoy:2012vs,
author = {McCoy, M A},
title = {{A Survey of Tuna Transshipment in Pacific Island Countries: Opportunities for Increasing Benefits and Improving Monitoring}},
year = {2012}
}

@article{Burns:2010bt,
author = {Burns, Randal and Peterson, Zachary},
title = {{Security constructs for regulatory-compliant storage}},
journal = {Communications of the ACM},
year = {2010},
volume = {53},
number = {1},
pages = {126},
month = jan
}

@article{Yick:2008ul,
author = {Yick, Jennifer and Mukherjee, Biswanath and Ghosal, Dipak},
title = {{Wireless sensor network survey}},
journal = {Computer Networks: The International Journal of Computer and Telecommunications Networking},
year = {2008},
volume = {52},
number = {12},
month = aug,
annote = {is this note for on e paper?
the US Government}
}

@article{Ahlgren:2011fl,
author = {Ahlgren, B and Aranda, P A and Chemouil, P and Oueslati, S and Correia, L M and Karl, H and So x0308 llner, M and Welin, A},
title = {{Content, connectivity, and cloud: ingredients for the network of the future}},
journal = {Communications Magazine, IEEE},
year = {2011},
volume = {49},
number = {7},
pages = {62--70}
}

@inproceedings{Jara:2012do,
author = {Jara, Antonio J and Martinez-Julia, Pedro and Skarmeta, Antonio},
title = {{Light-Weight Multicast DNS and DNS-SD (lmDNS-SD): IPv6-Based Resource and Service Discovery for the Web of Things}},
booktitle = {2012 Sixth International Conference on Innovative Mobile and Internet Services in Ubiquitous Computing (IMIS)},
year = {2012},
pages = {731--738},
publisher = {IEEE}
}

@webpage{Anonymous:9umrOAlN,
title = {{Redis}},
url = {http://redis.io}
}

@webpage{Anonymous:QGGCv1Aj,
title = {{Virtual Desktop Infrastructure Takes Off: 10 of the Hottest Players - Virtualization - News {\&} Reviews - eWeek.com}}
}

@inproceedings{Vale:es,
author = {Vale, Z A and Morais, H and Silva, M and Ramos, C},
title = {{Towards a future SCADA}},
booktitle = {Energy Society General Meeting (PES)},
pages = {1--7},
publisher = {IEEE}
}

@inproceedings{Fovino:ci,
author = {Fovino, I Nai and Carcano, A and Masera, M},
title = {{A Secure and Survivable Architecture for SCADA Systems}},
booktitle = {2009 Second International Conference on Dependability (DEPEND)},
pages = {34--39},
publisher = {IEEE}
}

@webpage{Anonymous:xh5ociXL,
title = {{Intermodal container - Wikipedia, the free encyclopedia}},
url = {http://en.wikipedia.org/wiki/Intermodal_container}
}

@webpage{Anonymous:0jDzx-S-,
title = {{In the Slick of It: Will BP Go Down With an Employee Who Purportedly Deleted Deepwater Horizon Oil Flow-Rate Related Text Messages? - Bloomberg Law}},
annote = {employee deleted text messages 
preservation of data order},
url = {http://about.bloomberglaw.com/practitioner-contributions/employee-who-purportedly/}
}

@webpage{Anonymous:wv,
title = {{Oracle VM VirtualBox}},
url = {https://www.virtualbox.org}
}

@article{Yang:2006vc,
author = {Yang, T Andrew and Nguyen, Tuan Anh},
title = {{Network security development process: a framework for teaching network security courses}},
journal = {Journal of Computing Sciences in Colleges},
year = {2006},
volume = {21},
number = {4},
pages = {203--209},
month = apr
}

@article{Ma:2011vw,
author = {Ma, Yi-Wei and Chao, Han-Chieh and Chen, Jiann-Liang and Wu, Cheng-Yen},
title = {{Load-balancing mechanism for the RFID middleware applications over grid networking}},
journal = {Journal of Network and Computer Applications},
year = {2011},
volume = {34},
number = {3},
month = may
}

@techreport{chudzinski:XyriinME,
author = {chudzinski, raymond},
title = {{DRAFT - Thesis Proposal}},
year = {2013},
month = aug
}

@article{Choi:cr,
author = {Choi, Donghyun and Lee, Sungjin and Won, Dongho and Kim, Seungjoo},
title = {{Efficient Secure Group Communications for SCADA}},
journal = {IEEE Transactions on Power Delivery},
volume = {25},
number = {2},
pages = {714--722},
annote = {Key Managment scheme

Constraints defined
}
}

@manual{Anonymous:3nwLinff
}

@article{Goth:2012dk,
author = {Goth, Gregory},
title = {{Preserving digital data}},
journal = {Communications of the ACM},
year = {2012},
volume = {55},
number = {4},
pages = {11},
month = apr,
annote = {definition of chain of custody}
}

@article{Anonymous:Sht_a2cy,
title = {{RFC Editor United States 1999 Fielding-1}},
annote = {Notes
counter example to SSL optimization}
}

@article{Pek:2013ip,
author = {P{\'e}k, G{\'a}bor and an, Levente Butty and Bencs{\'a}th, Boldizs{\'a}r},
title = {{A survey of security issues in hardware virtualization}},
journal = {Computing Surveys (CSUR},
year = {2013},
volume = {45},
number = {3},
pages = {1--34},
month = jun
}

@article{Kumar:2012vg,
author = {Kumar, Sunkara and Handziski, Vlado},
title = {{TWIST Actu: a RESTful testbed platform for remote experimentation with building automation sensors and actuators}},
journal = {BuildSys '12: Proceedings of the Fourth ACM Workshop on Embedded Sensing Systems for Energy-Efficiency in Buildings},
year = {2012},
annote = {Good ref for REST

use his as a basis for security mechanism


What is a demo abstract?}
}

@article{Zhang:2012jy,
author = {Zhang, Yang and Chen, Jun-Liang},
title = {{Wide-area SCADA system with distributed security framework}},
journal = {Journal of Communications and Networks},
year = {2012},
volume = {14},
number = {6},
pages = {597--605}
}

@article{Anonymous:2013bs,
title = {{Communications of the ACM: Volume 56 Issue 6}},
journal = {Communications of the ACM},
year = {2013},
volume = {56},
month = jun
}

@article{Eddy:2006tk,
author = {Eddy, W M},
title = {{Defenses against tcp syn flooding attacks}},
journal = {Cisco Internet Protocol Journal},
year = {2006}
}

@article{Tran:2006us,
author = {Tran, SPM and Yang, T A},
title = {{IEEE Xplore Download}},
journal = {Sensor Networks},
year = {2006}
}

@booklet{Bowen:2006jt,
title = {{Information Security Handbook: A Guide for Managers
}},
author = {Bowen, Pauline and Hash, Joan and Wilson, Mark},
howpublished = {National Institute of Standards and Technology},
address = {Gaithersburg, MD},
month = apr,
year = {2006}
}

@article{Harrison:2011cu,
author = {Harrison, Mark},
title = {{The 'Internet of Things' and commerce}},
journal = {XRDS: Crossroads, The ACM Magazine for Students},
year = {2011},
volume = {17},
number = {3},
pages = {19},
month = mar
}

@book{national2008nmea,
author = {{National Marine Electronics Association}},
title = {{NMEA 0183--Standard for Interfacing Marine Electronic Devices}},
publisher = {NMEA},
year = {2008},
series = {NMEA publications}
}

@inproceedings{Gupta:dr,
author = {Gupta, V and Millard, M and Fung, S and Yu Zhu and Gura, N and Eberle, H and Sheueling Chang Shantz},
title = {{Sizzle: A Standards-Based End-to-End Security Architecture for the Embedded Internet (Best Paper)}},
booktitle = {Third IEEE International Conference on Pervasive Computing and Communications},
pages = {247--256},
publisher = {IEEE},
annote = {why use SSL at all
we can use the http protocol as the substrate and
encrypt messages. 

maybe we need a slightly different protocol for store and forward

use http as a substrate and add the protocol to handle store and forward

}
}

@article{DiPietro:2009bz,
author = {Di Pietro, Roberto and Mancini, Luigi V and Soriente, Claudio and Spognardi, Angelo and Tsudik, Gene},
title = {{Data Security in Unattended Wireless Sensor Networks}},
journal = {IEEE Transactions on Computers},
year = {2009},
volume = {58},
number = {11},
pages = {1500--1511},
month = nov,
annote = {security of 'unattended' remote sensor networks
backhaul? - I don't think it is included
tangental to my research but references may be of use}
}

@webpage{Anonymous:PuXCJCvx,
title = {{Ruby Programming Language}},
url = {http://www.ruby-lang.org}
}

@webpage{Anonymous:DuAhrSbO,
title = {{OpenSSL: The Open Source toolkit for SSL/TLS}},
url = {http://www.openssl.org}
}

@webpage{Fenton:un,
author = {Fenton, Elizabeth S and Rabeh, Diana and Shapiro, Jonathan M},
title = {{BTJ_Spring_2011-Revised_201106171207.pdf}},
url = {http://www.chamberlainlaw.com/assets/attachments/BTJ_Spring_2011-Revised_201106171207.pdf}
}

@book{Anonymous:2007tf,
title = {{Business Information Systems}},
publisher = {Springer Berlin Heidelberg},
year = {2007},
address = {Berlin, Heidelberg}
}

@article{Group:2006en,
author = {Group, The Common Digital Evidence Storage Format Working},
title = {{Standardizing digital evidence storage}},
journal = {Communications of the ACM},
year = {2006},
volume = {49},
number = {2},
month = feb
}

@book{OmegaEngineeringInc:vi,
author = {{Omega Engineering, Inc.}},
title = {{The data acquisition systems handbook. (Book, 2000) [WorldCat.org]}},
publisher = {Omega Engineering}
}

@webpage{Anonymous:wa,
title = {{RelayPros}},
url = {http://www.relaypros.com/Relay/Device/R110PL_WIFI#.VSH8TVyNQQg}
}
